@misc { linked_data,
	author = {Berners-Lee, Tim},
	howpublished = {\url{http://www.w3.org/DesignIssues/LinkedData.html}},
	year = {2006},
	title = {Linked Data},
	note = {Stand: 24.02.2015}	
}

@misc { wiki_linked_data,
	howpublished = {\url{http://de.wikipedia.org/wiki/Linked_Open_Data}},
	title = {Wikipedia-Artikel zu Linked Data},
	note = {Stand: 24.02.2015}	
}

@misc { dbpedia_led_zeppelin,
	howpublished = {\url{http://dbpedia.org/page/Led_Zeppelin}},
	title = {DBpedia-Ressource zu Led Zeppelin},
	note = {Stand: 24.02.2015}	
}

@misc { echonest_familiarity,
	howpublished = {\url{http://developer.echonest.com/forums/thread/463}},
	title = {Frage bzgl. der Echonest-Familiarity im Echonest-Forum},
	note = {Stand: 24.02.2015}	
}

@misc { linked_data_book,
	author = {{Tom Heath}, {Christian Bizer}},
	howpublished = {\url{http://linkeddatabook.com/editions/1.0/}},
	year = {2011},
	title = {Linked Data: Evolving the Web into a Global Data Space},
	note = {Stand: 24.02.2015}	
}

@misc { linked_data_cloud,
	howpublished = {\url{http://upload.wikimedia.org/wikipedia/commons/3/34/LOD_Cloud_Diagram_as_of_September_2011.png}},
	title = {Die Linked Data Cloud},	
	note = {Stand: 24.02.2015}
}

@misc { turtle,
	howpublished = {\url{http://www.w3.org/TeamSubmission/turtle/}},
	title = {Definition des Turtle Standards},
		note = {Stand: 24.02.2015}	
}

@misc { dbpedia-graphmeasures,
	Author = {{Dinesh Reddy}, {Magnus Knuth}, {Harald Sack}},
	Title = {DBpedia GraphMeasures},
	Location = {http://semanticmultimedia.org/node/6},
	Publisher = {Hasso Plattner Institute},
	Publication date = {July 2014},
	Resource type = {dataset},
}

@misc { dbpedia_about,
	howpublished = {\url{http://wiki.dbpedia.org/About}},
	title = {Ziele der DBpedia},
	note = {Stand: 24.02.2015}
}

@misc { rdf,
	howpublished = {\url{http://www.w3.org/standards/techs/rdf#w3c_all}},
	title = {Dokumente zur RDF-Spezifikation},
	note = {Stand: 05.03.2015}	
}

@misc { sparql,
	howpublished = {\url{http://www.w3.org/TR/rdf-sparql-query/}},
	title = {SPARQL-Spezifikation},
	note = {Stand: 05.03.2015}	
}