@misc { linked_data,
	
	author = {Berners-Lee, Tim},
	howpublished = {\url{http://www.w3.org/DesignIssues/LinkedData.html}},
	year = {2006},
	title = {Linked Data}	
}

@misc { wiki_linked_data,
	howpublished = {\url{http://de.wikipedia.org/wiki/Linked_Open_Data}},
	title = {Wikipedia-Artikel zu Linked Data}	
}

@misc { dbpedia_led_zeppelin,
	howpublished = {\url{http://dbpedia.org/page/Led_Zeppelin}},
	title = {DBpedia-Ressource zu Led Zeppelin}	
}

@misc { dbpedia_about,
	howpublished = {\url{http://wiki.dbpedia.org/About}},
	title = {Ziele der DBpedia}	
}

@misc { musicbrainz,
	howpublished = {\url{http://musicbrainz.org/}},
	title = {Musicbrainz.org}	
}

@misc { cherrypy,
	howpublished = {\url{http://www.cherrypy.org/}},
	title = {Website des Frameworks Cherrypy}	
}

@misc { mako,
	howpublished = {\url{http://www.makotemplates.org/}},
	title = {Website der Template-Engine Mako}	
}

@misc { spotify,
	howpublished = {\url{https://www.spotify.com/}},
	title = {Website des Musikdienstes Spotify}	
}

@misc { songkick_api,
	howpublished = {\url{http://www.songkick.com/developer}},
	title = {Dokumentation der Songkick-API}	
}

@misc { echonest_api,
	howpublished = {\url{http://developer.echonest.com/}},
	title = {Dokumentation der Echonest-API}	
}

@misc { echonest_familiarity,
	howpublished = {\url{http://developer.echonest.com/forums/thread/463}},
	title = {Frage bzgl. der Echonest-Familiarity im Echonest-Forum}	
}

@misc { dbtune,
	howpublished = {\url{http://dbtune.org/musicbrainz/}},
	title = {Das Musicbrainz-Mapping DBtune}	
}

@misc { linked_data_book,
	author = {{Tom Heath}, {Christian Bizer}},
	howpublished = {\url{http://linkeddatabook.com/editions/1.0/}},
	year = {2011},
	title = {Linked Data: Evolving the Web into a Global Data Space}	
}

@misc { linked_data_cloud,
	howpublished = {\url{http://upload.wikimedia.org/wikipedia/commons/3/34/LOD_Cloud_Diagram_as_of_September_2011.png}},
	title = {Die Linked Data Cloud}	
}

@misc { turtle,
	howpublished = {\url{http://www.w3.org/TeamSubmission/turtle/}},
	title = {Definition des Turtle Standards}	
}

@misc { dbpedia_commons
	howpublished = {\url{http://commons.dbpedia.org/}},
	title = {DBpedia-Commons}	
}

@misc { dbpedia-graphmeasures,
	Author = {{Dinesh Reddy}, {Magnus Knuth}, {Harald Sack}},
	Title = {DBpedia GraphMeasures},
	Location = {http://semanticmultimedia.org/node/6},
	Resource type = {dataset},
	Publisher = {Hasso Plattner Institute},
	Publication date = {July 2014},
}